@article{einstein,
    author      = "Albert Einstein",
    title       = "{Zur Elektrodynamik bewegter K{\"o}rper}. ({German})
    [{On} the electrodynamics of moving bodies]",
    journal     = "Annalen der Physik",
    volume      = "322",
    number      = "10",
    pages       = "891--921",
    year        = "1905",
    DOI         = "http://dx.doi.org/10.1002/andp.19053221004"
}

@book{dirac,
    title       = "The Principles of Quantum Mechanics",
    author      = "Paul Adrien Maurice Dirac",
    isbn        = "9780198520115",
    series      = "International series of monographs on physics",
    year        = "1981",
    publisher   = "Clarendon Press"
}

@online{bit_mask,
    author      = "Wikipédia",
    title       = "Masquage",
    url         = "https://fr.wikipedia.org/wiki/Masquage",
    note        = "consulté le 25 janvier 2024"
}

@online{repo,
    author      = "Arthur \textsc{Jacquin}",
    title       = "Ressources relatives au projet",
    url         = "https://github.com/arthur-jacquin/cpu",
    note        = "consulté le 25 janvier 2024"
}

@online{fibo,
    author      = "Wikipédia",
    title       = "Suite de Fibonacci",
    url         = "https://fr.wikipedia.org/wiki/Suite_de_Fibonacci",
    note        = "consulté le 25 janvier 2024"
}

@online{pipeline,
    author      = "Wikipédia",
    title       = "Pipeline (architecture des processeurs)",
    url         = "https://fr.wikipedia.org/wiki/Pipeline_(architecture_des_processeurs)",
    note        = "consulté le 25 janvier 2024"
}

@book{riscv,
    title       = "Computer Organization and Design RISC-V Edition : The Hardware Software Interface 2nd",
    author      = "David A. \textsc{Patterson} and John L. \textsc{Hennessey}",
    isbn        = "9780128203316",
    year        = "2021",
    publisher   = "Morgan Kaufmann"
}
